<record><leader>00000cas a2200000 a 4500</leader><controlfield tag="001">5437417</controlfield><controlfield tag="008">790928c19799999couwr ne      0   a0eng d</controlfield><controlfield tag="009">467</controlfield><datafield ind1=" " ind2=" " tag="010"><subfield code="a">sn 79008015 </subfield></datafield><datafield ind1=" " ind2=" " tag="040"><subfield code="a">NSD</subfield><subfield code="b">eng</subfield><subfield code="c">NSD</subfield><subfield code="d">CNQ</subfield><subfield code="d">OCL</subfield><subfield code="d">OCLCQ</subfield></datafield><datafield ind1=" " ind2=" " tag="012"><subfield code="k">1</subfield><subfield code="m">d</subfield></datafield><datafield ind1="1" ind2=" " tag="022"><subfield code="a">0195-2749</subfield><subfield code="l">0195-2749</subfield><subfield code="2">1</subfield></datafield><datafield ind1=" " ind2=" " tag="042"><subfield code="a">nsdp</subfield></datafield><datafield ind1=" " ind2="0" tag="222"><subfield code="a">Brush country</subfield></datafield><datafield ind1="0" ind2="0" tag="245"><subfield code="a">Brush country.</subfield></datafield><datafield ind1=" " ind2=" " tag="260"><subfield code="a">Brush, Colo. :</subfield><subfield code="b">Brush News-Tribune,</subfield></datafield><datafield ind1="0" ind2=" " tag="362"><subfield code="a">Vol. 1, no. 1 (Sept. 1, 1979)-</subfield></datafield><datafield ind1=" " ind2=" " tag="530"><subfield code="a">Available on microfilm from the Colorado Historical Society.</subfield></datafield><datafield ind1=" " ind2=" " tag="580"><subfield code="a">Issued with: Brush-Morgan County news-tribune, Sept. 15, 1982-Jan. 30, 1985.</subfield></datafield><datafield ind1=" " ind2=" " tag="752"><subfield code="a">United States</subfield><subfield code="b">Colorado</subfield><subfield code="c">Morgan</subfield><subfield code="d">Brush.</subfield></datafield><datafield ind1="1" ind2=" " tag="777"><subfield code="t">Brush-Morgan County news-tribune</subfield><subfield code="w">(DLC)sn 90051319</subfield></datafield><datafield ind1=" " ind2=" " tag="936"><subfield code="a">Sept. 1, 1979</subfield></datafield></record>